<collection xmlns="http://www.loc.gov/MARC21/slim">
   <record>
      <leader>02612cam a2200457 i 45 0</leader>
      <controlfield tag="001">6799594</controlfield>
      <controlfield tag="003">OCoLC</controlfield>
      <controlfield tag="005">20150206102324.0</controlfield>
      <controlfield tag="006">m     o  d        </controlfield>
      <controlfield tag="007">cr cnu---unuuu</controlfield>
      <controlfield tag="008">150107s2015    cau     ob    001 0 eng d</controlfield>
      <datafield ind1=" " ind2=" " tag="020">
         <subfield code="a">9781610693646</subfield>
         <subfield code="q">electronic bk.q</subfield>
      </datafield>
      <datafield ind1=" " ind2=" " tag="020">
         <subfield code="a">1610693647</subfield>
         <subfield code="q">electronic bk.</subfield>
      </datafield>
      <datafield ind1=" " ind2=" " tag="020">
         <subfield code="z">9781610693639</subfield>
      </datafield>
      <datafield ind1=" " ind2=" " tag="020">
         <subfield code="z">1610693639</subfield>
      </datafield>
      <datafield ind1=" " ind2=" " tag="035">
         <subfield code="a">ocn899264564</subfield>
      </datafield>
      <datafield ind1=" " ind2=" " tag="040">
         <subfield code="a">N$T</subfield>
         <subfield code="b">eng</subfield>
         <subfield code="e">rda</subfield>
         <subfield code="e">pn</subfield>
         <subfield code="c">N$T</subfield>
         <subfield code="d">N$T</subfield>
         <subfield code="d">GGVRL</subfield>
         <subfield code="d">YDXCP</subfield>
         <subfield code="d">AEC</subfield>
      </datafield>
      <datafield ind1=" " ind2="4" tag="050">
         <subfield code="a">HV6322.7</subfield>
      </datafield>
      <datafield ind1=" " ind2="7" tag="072">
         <subfield code="a">SOC</subfield>
         <subfield code="x">004000</subfield>
         <subfield code="2">bisacsh</subfield>
      </datafield>
      <datafield ind1="0" ind2="4" tag="082">
         <subfield code="a">364.15/1</subfield>
         <subfield code="2">23</subfield>
      </datafield>
      <datafield ind1=" " ind2=" " tag="090">
         <subfield code="a">Internet Access</subfield>
         <subfield code="b">AEC</subfield>
      </datafield>
      <datafield ind1="0" ind2="0" tag="245">
         <subfield code="a">Modern genocide :</subfield>
         <subfield code="b">the definitive resource and document collection /</subfield>
         <subfield code="c">Paul R. Bartrop and Steven Leonard Jacobs, editors.</subfield>
      </datafield>
      <datafield ind1=" " ind2="1" tag="264">
         <subfield code="a">Santa Barbara, California :</subfield>
         <subfield code="b">ABC-CLIO,</subfield>
         <subfield code="c">[2015]</subfield>
      </datafield>
      <datafield ind1=" " ind2="4" tag="264">
         <subfield code="c">©2015</subfield>
      </datafield>
      <datafield ind1=" " ind2=" " tag="300">
         <subfield code="a">1 online resource</subfield>
      </datafield>
      <datafield ind1=" " ind2=" " tag="336">
         <subfield code="a">text</subfield>
         <subfield code="b">txt</subfield>
         <subfield code="2">rdacontent</subfield>
         <subfield code="0">http://id.loc.gov/vocabulary/contentTypes/txt</subfield>
      </datafield>
      <datafield ind1=" " ind2=" " tag="337">
         <subfield code="a">computer</subfield>
         <subfield code="b">c</subfield>
         <subfield code="2">rdamedia</subfield>
         <subfield code="0">http://id.loc.gov/vocabulary/mediaTypes/c</subfield>
      </datafield>
      <datafield ind1=" " ind2=" " tag="338">
         <subfield code="a">online resource</subfield>
         <subfield code="b">cr</subfield>
         <subfield code="2">rdacarrier</subfield>
         <subfield code="0">http://id.loc.gov/vocabulary/carriers/cr</subfield>
      </datafield>
      <datafield ind1=" " ind2=" " tag="504">
         <subfield code="a">Includes bibliographical references and index.</subfield>
      </datafield>
      <datafield ind1="0" ind2=" " tag="505">
         <subfield code="a">Volume 1. Armenia genocide ; Bosnian genocide ; Cambodian genocide -- Volume 2. Darfur genocide ; East Timor genocide ; Guatemalan genocide ; Herero genocide -- Volume 3. Holocaust ; Kurdish genocide -- Volume 4. Rwandan genocide, other atrocities, and international law.</subfield>
      </datafield>
      <datafield ind1=" " ind2=" " tag="520">
         <subfield code="a">This four-volume work provides students with an examination of 10 modern genocides. It is enhanced by documents and introductions that provide additional historical and contemporary context for learning about and understanding these tragic events.</subfield>
      </datafield>
      <datafield ind1="0" ind2=" " tag="588">
         <subfield code="a">Print version record.</subfield>
      </datafield>
      <datafield ind1=" " ind2="0" tag="650">
         <subfield code="a">Genocide</subfield>
         <subfield code="x">History.</subfield>
         <subfield code="0">http://id.loc.gov/authorities/subjects/sh2009125750</subfield>
      </datafield>
      <datafield ind1="1" ind2=" " tag="700">
         <subfield code="a">Bartrop, Paul R.</subfield>
         <subfield code="q">(Paul Robert),</subfield>
         <subfield code="d">1955-</subfield>
         <subfield code="e">editor.</subfield>
         <subfield code="0">http://id.loc.gov/authorities/names/n91067522</subfield>
         <subfield code="0">http://viaf.org/viaf/74559185</subfield>
      </datafield>
      <datafield ind1="1" ind2=" " tag="700">
         <subfield code="a">Jacobs, Steven L.,</subfield>
         <subfield code="d">1947-</subfield>
         <subfield code="e">editor.</subfield>
         <subfield code="0">http://id.loc.gov/authorities/names/n85362037</subfield>
         <subfield code="0">http://viaf.org/viaf/277330499</subfield>
      </datafield>
      <datafield ind1=" " ind2=" " tag="758">
         <subfield code="0">http://worldcat.org/entity/work/id/24511607</subfield>
      </datafield>
      <datafield ind1="0" ind2="8" tag="776">
         <subfield code="i">Print version:</subfield>
         <subfield code="t">Modern genocide</subfield>
         <subfield code="z">9781610693639</subfield>
         <subfield code="w">(DLC)  2014019716</subfield>
         <subfield code="w">(OCoLC)880672176</subfield>
      </datafield>
      <datafield ind1="0" ind2=" " tag="787">
         <subfield code="n">OCLC Work Id</subfield>
         <subfield code="o">http://worldcat.org/entity/work/id/24511607</subfield>
      </datafield>
      <datafield ind1="4" ind2="0" tag="856">
         <subfield code="3">Concordia University of Edmonton Access</subfield>
         <subfield code="u">http://site.ebrary.com/lib/concordiaab/docDetail.action?docID=11003635</subfield>
         <subfield code="z">(Single User Access)</subfield>
      </datafield>
      <datafield ind1=" " ind2=" " tag="596">
         <subfield code="a">21</subfield>
      </datafield>
      <datafield ind1=" " ind2=" " tag="926">
         <subfield code="a">Internet Access</subfield>
         <subfield code="w">LC</subfield>
         <subfield code="c">1</subfield>
         <subfield code="i">6799594-1001</subfield>
         <subfield code="l">INTERNET</subfield>
         <subfield code="m">CONCORDIA</subfield>
         <subfield code="r">Y</subfield>
         <subfield code="s">Y</subfield>
         <subfield code="t">E-RESOURCE</subfield>
         <subfield code="u">2/6/2015</subfield>
         <subfield code="x">E-BOOK</subfield>
      </datafield>
   </record>
</collection>
